=LDR  01941cam  2200469Ii 4500
=001  001097353
=003  OCoLC
=005  20190606071820.0
=006  m\\\\\o\\d\f\\\\\\
=007  cr\bn|||||||||
=008  170302s2011\\\\vauab\\\ob\\\f000\0\eng\d
=035  \\$a(OCoLC)974375078
=040  \\$aCOP$beng$erda$epn$cCOP$dOCLCO$dOCLCF$dGPO
=043  \\$an-usp--
=074  \\$a0624-H (online)
=086  0\$aI 19.76:2011-1206
=100  1\$aMontag, Jessica M.,$eauthor.
=245  10$aAbbreviated bibliography on energy development :$ba focus on the Rocky Mountain region /$cby Jessica M. Montag, Carolyn J. Willis, and Levi W. Glavin.
=264  \1$aReston, Virginia :$bU.S. Department of the Interior, U.S. Geological Survey,$c2011.
=300  \\$a1 online resource (iv, 316 pages) :$billustrations, maps.
=336  \\$atext$btxt$2rdacontent
=337  \\$acomputer$bc$2rdamedia
=338  \\$aonline resource$bcr$2rdacarrier
=490  1\$aOpen file report ;$v2011-1206
=500  \\$aTitle from title screen (viewed March 2, 2017).
=504  \\$aIncludes bibliographical references (pages 315-316).
=650  \0$aEnergy development$zWest (U.S.)$vBibliography.
=650  \7$aEnergy development.$2fast$0(OCoLC)fst00910034
=651  \7$aUnited States, West.$2fast$0(OCoLC)fst01243255
=655  \7$aBibliography.$2fast$0(OCoLC)fst01423717
=700  1\$aWillis, Carolyn J.,$eauthor.
=700  1\$aGlavin, Levi W.,$eauthor.
=710  2\$aGeological Survey (U.S.),$eissuing body.
=830  \0$aU.S. Geological Survey open-file report ;$v2011-1206.
=856  40$uhttps://purl.fdlp.gov/GPO/gpo119777
=856  4\$zAddress at time of PURL creation$uhttps://pubs.usgs.gov/of/2011/1206/OF11-1206.pdf
=856  \\$3(online)$uhttps://catalog.gpo.gov/fdlpdir/locate.jsp?ItemNumber=0624-H&SYS=001097353
=994  \\$aC0$bGPO
=049  \\$aGPOO
=955  \\$aCATPART; CSM; bca64 20190507 ;$b20190507
=955  \\$aBCA64 20190606
=955  \\$aBCS1;

