=LDR  02525nas  2200553 i 4500
=001  001097379
=003  OCoLC
=005  20190417130629.0
=006  m\\\\\o\\d\f\\\\\\
=007  cr\bn|||||||||
=008  190417d19851994vauar\\\o\\\\f1\\\a0eng\c
=010  \\$a2019230007
=035  \\$a(OCoLC)1097553717
=040  \\$aGPO$beng$erda$epn$cGPO
=042  \\$apcc
=043  \\$an-us---
=074  \\$a0620-A (online)
=086  0\$aI 19.4/2:
=111  2\$aV.E. McKelvey Forum on Mineral and Energy Resources,$jauthor.
=245  10$aUSGS research on mineral resources :$bprogram and abstracts /$cV.E. McKelvey Forum on Mineral and Energy Resources.
=246  3\$aUnited States Geological Survey research on mineral resources
=246  1\$iAlternate issues have title:$aUSGS research on energy resources
=264  \1$a[Reston, Virginia] :$bDepartment of the Interior, U.S. Geological Survey,$c1985-
=300  \\$a1 online resource (volumes).
=310  \\$aAnnual
=336  \\$atext$btxt$2rdacontent
=337  \\$acomputer$bc$2rdamedia
=338  \\$aonline resource$bcr$2rdacarrier
=362  1\$aBegan with 1985; ceased with 1994?
=490  1\$aU.S. Geological Survey circular
=525  \\$aIssue for 1994 accompanied by: Part B, Guidebook for field trips.
=588  \\$aDescription based on online resource; title from PDF title page (USGS viewed Apr. 16, 2019).
=588  \\$aLatest issue consulted: 1994 (viewed Apr. 16, 2019).
=611  20$aV.E. McKelvey Forum on Mineral and Energy Resources$vPeriodicals.
=650  \0$aMines and mineral resources$zUnited States$vCongresses.
=650  \0$aMines and mineral resources$vCongresses.
=650  \0$aPower resources$zUnited States$vCongresses.
=650  \0$aEnergy development$zUnited States$vCongresses.
=710  2\$aGeological Survey (U.S.),$eissuing body.
=776  08$iPrint version:$aV.E. McKelvey Forum on Mineral and Energy Resources.$tUSGS research on mineral resources$w(DLC) 91640066$w(OCoLC)15334264
=830  \0$aU.S. Geological Survey circular.
=856  40$3Mineral resources$uhttps://purl.fdlp.gov/GPO/lps101027
=856  40$3Energy resources:$uhttps://purl.fdlp.gov/GPO/gpo119114
=856  40$3Guidebook:$uhttps://purl.fdlp.gov/GPO/gpo119125
=856  4\$zAddress at time of PURL creation$uhttps://pubs.usgs.gov/circ/1985/0949/report.pdf
=856  \\$3(online)$uhttps://catalog.gpo.gov/fdlpdir/locate.jsp?ItemNumber=0620-A&SYS=001097379
=994  \\$aC0$bGPO
=049  \\$aXZL4
=955  \\$aCATPART; CSM; bca64 20190417 ;$b20190417

