=LDR  02226cai  2200505 i 4500
=001  001097629
=003  OCoLC
=005  20190530105845.0
=006  m\\\\\o\\d\f\\\\\\
=007  cr\mn|||||||||
=008  190422c20189999dcu\x\w\o\b\\f0\\\\2eng\c
=010  \\$a2019231476
=035  \\$a(OCoLC)1098031439
=040  \\$aGPO$beng$erda$epn$cGPO$dOCLCF$dGPO
=042  \\$apcc
=043  \\$an-us---
=074  \\$a0807-A-07 (online)
=086  0\$aLC 14.23:R 44569/
=100  1\$aHolt, Mark,$eauthor.
=245  10$aEnergy legislation :$bcomparable provisions in S. 2012 as passed by the House and Senate /$cMark Holt, Brent D. Yacobucci.
=250  \\$a[Library of Congress public edition].
=264  \1$a[Washington, D.C.] :$bCongressional Research Service,$c2018-
=300  \\$a1 online resource.
=310  \\$aUpdated irregularly
=336  \\$atext$btxt$2rdacontent
=337  \\$acomputer$bc$2rdamedia
=338  \\$aonline resource$bcr$2rdacarrier
=490  1\$aReport / Congressional Research Service ;$vR44569
=500  \\$aThe CRS report home page provides access to all versions published since 2018 in accordance with P.L. 115-141; earliest version dated 2016.
=504  \\$aReport includes bibliographical references.
=588  \\$aDescription based on contents viewed on Apr. 16, 2019; title from CRS report home page.
=650  \0$aPower resources$xLaw and legislation$zUnited States.
=650  \0$aRenewable energy sources$xLaw and legislation$zUnited States.
=650  \0$aEnergy development$xLaw and legislation$zUnited States.
=700  1\$aYacobucci, Brent D.,$eauthor.
=710  2\$aLibrary of Congress.$bCongressional Research Service,$eissuing body.
=773  08$iContained in (work):$tCRS reports (Library of Congress. Congressional Research Service)$w(DLC) 2018231131$w(OCoLC)1052784408
=830  \0$aCRS report ;$vR44569.
=856  40$uhttps://purl.fdlp.gov/GPO/gpo119047
=856  4\$zAddress at time of PURL creation$uhttps://crsreports.congress.gov/product/details?prodcode=R44569
=856  \\$3(online)$uhttps://catalog.gpo.gov/fdlpdir/locate.jsp?ItemNumber=0807-A-07&SYS=001097629
=994  \\$aC0$bGPO
=049  \\$aGPOO
=955  \\$abc34 20190422$b20190422
=922  \\$aCRSREP

