=LDR  02480cam  2200529 i 4500
=001  001097919
=005  20190425143158.0
=006  m\\\\\o\\d\f\\\\\\
=007  cr\|||||||||||
=008  100809m19969999dcuab\\\ob\\\f000\0\eng\c
=019  \\$a655216228$a1059537342
=035  \\$a(OCoLC)654145869$z(OCoLC)655216228$z(OCoLC)1059537342
=040  \\$aOCLCE$beng$erda$epn$cOCLCE$dOCLCQ$dOCLCF$dOCLCO$dCOO$dOCLCQ$dGPO
=042  \\$apcc
=043  \\$an-us---
=050  \4$aKF27$b.R38 1996
=074  \\$a1023-A (online)
=086  0\$aY 4.R 31/3:104-55
=086  0\$aY 4.R 31/3:104-60
=088  \\$aSerial no. 104-55 (United States. Congress. House. Committee on Resources)
=088  \\$aSerial no. 104-60 (United States. Congress. House. Committee on Resources)
=110  1\$aUnited States.$bCongress.$bHouse.$bCommittee on Resources,$eauthor.
=245  10$aU.S. energy policy :$boversight hearing before the Committee on Resources, House of Representatives, One Hundred Fourth Congress, second session.
=246  3\$aUS energy policy
=264  \1$aWashington :$bU.S. Government Printing Office,$c1996-
=300  \\$a1 online resource (volumes) :$billustrations, maps
=336  \\$atext$btxt$2rdacontent
=337  \\$acomputer$bc$2rdamedia
=338  \\$aonline resource$bcr$2rdacarrier
=588  \\$aDescription based on online resource; title from PDF title screen (govinfo web site, viewed on Apr. 25, 2019).
=500  \\$a"February 2, 1996, Houston, TX"--Pt. 1.
=500  \\$a"March 21, 1996, Washington, DC"--Pt. 2.
=504  \\$aIncludes bibliographical references.
=500  \\$a"Serial no. 104-55"--Pt. 1.
=500  \\$a"Serial no. 104-60"--Pt. 2.
=650  \0$aEnergy policy$zUnited States.
=650  \0$aEnergy development$xGovernment policy$zUnited States.
=650  \0$aPetroleum industry and trade$xGovernment policy$zUnited States.
=650  \0$aGas industry$xGovernment policy$zUnited States.
=655  \7$aLegislative hearings.$2lcgft
=776  08$iPrint version:$aUnited States. Congress. House. Committee on Resources.$tU.S. energy policy$w(DLC) 96152212$w(OCoLC)34758595
=856  40$uhttps://purl.fdlp.gov/GPO/gpo119482
=856  4\$zAddress at time of PURL creation$3Pt. [1]$uhttps://www.govinfo.gov/content/pkg/CHRG-104hhrg23712/pdf/CHRG-104hhrg23712.pdf
=856  \\$3(online)$uhttps://catalog.gpo.gov/fdlpdir/locate.jsp?ItemNumber=1023-A&SYS=001097919
=994  \\$aC0$bGPO
=049  \\$aXZL4
=955  \\$abca29 20190425$b20190425

