=LDR  02204cam  2200445 i 4500
=001  001099109
=003  OCoLC
=005  20190606135823.0
=006  m\\\\\o\\d\f\\\\\\
=007  cr\|||||||||||
=008  190515s2019\\\\dcu\\\\\ob\\\f000\0\eng\c
=035  \\$a(OCoLC)1101190324
=040  \\$aGPO$beng$erda$epn$cGPO$dGPO
=042  \\$apcc
=043  \\$an-us---
=050  \4$aKF27$b.S3935 2019
=074  \\$a1025-A-03 (online)
=086  0\$aY 4.SCI 2:116-5
=088  \\$aSerial no. 116-5 (United States. Congress. House. Committee on Science, Space, and Technology (2011))
=110  1\$aUnited States.$bCongress.$bHouse.$bCommittee on Science, Space, and Technology (2011).$bSubcommittee on Energy,$eauthor.
=245  14$aThe energy water nexus :$bdrier watts and cheaper drops : hearing before the Subcommittee on Energy, Committee on Science, Space, and Technology, House of Representatives, One Hundred Sixteenth Congress, first session, March 7, 2019.
=264  \1$aWashington :$bU.S. Government Publishing Office,$c2019.
=300  \\$a1 online resource (iii, 77 pages)
=336  \\$atext$btxt$2rdacontent
=337  \\$acomputer$bc$2rdamedia
=338  \\$aonline resource$bcr$2rdacarrier
=588  \\$aDescription based on online resource; title from PDF title page (Govinfo website, viewed May 15, 2019).
=500  \\$a"Serial no. 116-5."
=504  \\$aIncludes bibliographical references.
=650  \0$aWater use$xLaw and legislation$zUnited States.
=650  \0$aWater resources development$xLaw and legislation$zUnited States.
=650  \0$aEnergy development$xLaw and legislation$zUnited States.
=655  \7$aLegislative hearings.$2lcgft
=776  08$iPrint version:$aUnited States. Congress. House. Committee on Science, Space, and Technology (2011). Subcommittee on Energy.$tThe energy water nexus$w(OCoLC)1103441748
=856  40$uhttps://purl.fdlp.gov/GPO/gpo120471
=856  4\$zAddress at time of PURL creation$uhttps://www.govinfo.gov/content/pkg/CHRG-116hhrg35403/pdf/CHRG-116hhrg35403.pdf
=856  \\$3(online)$uhttps://catalog.gpo.gov/fdlpdir/locate.jsp?ItemNumber=1025-A-03&SYS=001099109
=994  \\$aC0$bGPO
=049  \\$aGPOO
=955  \\$abc34 20190515$b20190515

