=LDR  02016nam  2200409 i 4500
=001  001099117
=005  20190515130647.0
=006  m\\\\\o\\d\f\\\\\\
=007  cr\|||||||||||
=008  190515s1976\\\\dcua\\\\ob\\\f000\0\eng\c
=035  \\$a(OCoLC)1101191390
=040  \\$aGPO$beng$erda$epn$cGPO
=042  \\$apcc
=043  \\$an-us-nm
=074  \\$a1045 (online)
=086  0\$aY 4.P 96/10:94-H 35
=110  1\$aUnited States.$bCongress.$bSenate.$bCommittee on Public Works.$bSubcommittee on Economic Development,$eauthor.
=245  14$aThe impact of energy development on northwestern New Mexico :$bhearing before the Subcommittee on Economic Development of the Committee on Public Works, United States Senate, Ninety-fourth Congress, second session, March 12, 1976, Farmington, N. Mex.
=264  \1$aWashington :$bU.S. Government Printing Office,$c1976.
=300  \\$a1 online resource (iii, 625 pages) :$billustrations
=336  \\$atext$btxt$2rdacontent
=337  \\$acomputer$bc$2rdamedia
=338  \\$aonline resource$bcr$2rdacarrier
=588  \\$aDescription based on online resource; title from PDF title screen (govinfo web site, viewed on May 15, 2019).
=504  \\$aIncludes bibliographical references.
=500  \\$a"Serial no. 94-H35."
=651  \0$aNew Mexico$xEconomic conditions.
=650  \0$aPublic works$zNew Mexico.
=650  \0$aCommunity development$zNew Mexico.
=655  \7$aLegislative hearings.$2lcgft
=776  08$iPrint version:$aUnited States. Congress. Senate. Committee on Public Works. Subcommittee on Economic Development.$tImpact of energy development on northwestern New Mexico$w(DLC) 76602287$w(OCoLC)2819507
=856  40$uhttps://purl.fdlp.gov/GPO/gpo120475
=856  4\$zAddress at time of PURL creation$uhttps://www.govinfo.gov/content/pkg/CHRG-94shrg71333O/pdf/CHRG-94shrg71333O.pdf
=856  \\$3(online)$uhttps://catalog.gpo.gov/fdlpdir/locate.jsp?ItemNumber=1045&SYS=001099117
=994  \\$aC0$bGPO
=049  \\$aXZL4
=955  \\$abca29 20190515$b20190515

