=LDR  01821cam  2200445Ii 4500
=001  001099277
=003  OCoLC
=005  20190604144315.0
=006  m\\\\\o\\d\f\\\\\\
=007  cr\|||||||||||
=008  190517s2018\\\\coua\\\\ob\\\f100\0\eng\d
=035  \\$a(OCoLC)1101621608
=040  \\$aGPO$beng$erda$epn$cGPO$dGPO
=043  \\$an-us---
=074  \\$a0430-P-17 (online)
=086  0\$aE 9.28:NREL/PO-5000-72233
=100  1\$aOptis, Mike,$eauthor.
=245  12$aA Monte Carlo-based approach to assessing annual energy production and uncertainty /$cMike Optis.
=264  \1$a[Golden, CO] :$bNational Renewable Energy Laboratory,$c[2018].
=300  \\$a1 online resource (1 page) :$bcolor illustrations.
=336  \\$atext$btxt$2rdacontent
=337  \\$acomputer$bc$2rdamedia
=338  \\$aonline resource$bcr$2rdacarrier
=490  1\$aNREL/PO ;$v5000-72233
=500  \\$a"American Wind Energy Association Wind Resource and Project Energy Assessment Conference, Austin Texas, September 11-12, 2018."
=504  \\$aIncludes bibliographical reference.
=536  \\$aDOE$bDE-AC36-08GO28308.
=588  \\$aDescription based on online resource, PDF version; title from title page (NREL, viewed May 17, 2019).
=650  \0$aMonte Carlo method$vCongresses.
=650  \0$aEnergy development$zUnited States$vCongresses.
=710  2\$aNational Renewable Energy Laboratory (U.S.),$eissuing body.
=830  \0$aNREL/PO ;$v5000-72233.
=856  40$uhttps://purl.fdlp.gov/GPO/gpo120572
=856  4\$zAddress at time of PURL creation$uhttps://www.nrel.gov/docs/fy19osti/72233.pdf
=856  \\$3(online)$uhttps://catalog.gpo.gov/fdlpdir/locate.jsp?ItemNumber=0430-P-17&SYS=001099277
=994  \\$aC0$bGPO
=049  \\$aGPOO
=955  \\$abc88 20190604
=955  \\$abc88 20190517
=955  \\$abc88 20190517$b20190517

