=LDR  02633cam  2200517 i 4500
=001  001099708
=005  20190604141557.0
=006  m\\\\\o\\d\f\\\\\\
=007  cr\|||||||||||
=008  190528s2019\\\\dcu\\\\\o\\\\f000\0\eng\c
=035  \\$a(OCoLC)1102593689
=040  \\$aGPO$beng$erda$epn$cGPO$dGPO
=042  \\$apcc
=043  \\$an-us---
=050  \4$aKF32$b.A6 2019f
=074  \\$a1008-I (online)
=086  0\$aY 1.1/8:116-83
=110  1\$aUnited States.$bCongress.$bHouse.$bCommittee on Appropriations,$eauthor.
=245  10$aEnergy and water development and related agencies appropriations bill, 2020 :$breport together with minority views (to accompany H.R. 2960).
=264  \1$a[Washington, D.C.] :$b[U.S. Government Publishing Office],$c[2019]
=300  \\$a1 online resource (242 pages).
=336  \\$atext$btxt$2rdacontent
=337  \\$acomputer$bc$2rdamedia
=338  \\$aonline resource$bcr$2rdacarrier
=490  1\$aReport / 116th Congress, 1st session, House of Representatives ;$v116-83
=588  0\$aOnline resource; title from PDF title screen (govinfo web site, viewed on May 28, 2019).
=500  \\$a"May 23, 2019."
=610  10$aUnited States.$bArmy.$bCorps of Engineers$xAppropriations and expenditures.
=610  10$aUnited States.$bDepartment of the Interior$xAppropriations and expenditures.
=610  10$aUnited States.$bDepartment of Energy$xAppropriations and expenditures.
=650  \0$aWater resources development$xFinance$xLaw and legislation$zUnited States.
=650  \0$aFederal aid to energy development$zUnited States.
=650  \0$aPublic works$xFinance$xLaw and legislation$zUnited States.
=651  \0$aUnited States$xAppropriations and expenditures, 2020.
=655  \7$aLegislative materials.$2lcgft
=776  08$iPrint version:$aUnited States. Congress. House. Committee on Appropriations.$tEnergy and water development and related agencies appropriations bill, 2020$w(OCoLC)1103445451
=810  1\$aUnited States.$bCongress.$bHouse.$tReport ;$v116-83.
=856  40$3PDF version$uhttps://purl.fdlp.gov/GPO/gpo120999
=856  40$3Text version$uhttps://purl.fdlp.gov/GPO/gpo121000
=856  4\$3PDF version$zAddress at time of PURL creation$uhttps://www.govinfo.gov/content/pkg/CRPT-116hrpt83/pdf/CRPT-116hrpt83.pdf
=856  4\$3Text version$zAddress at time of PURL creation$uhttps://www.govinfo.gov/content/pkg/CRPT-116hrpt83/html/CRPT-116hrpt83.htm
=856  \\$3(online)$uhttps://catalog.gpo.gov/fdlpdir/locate.jsp?ItemNumber=1008-I&SYS=001099708
=994  \\$aC0$bGPO
=049  \\$aGPOO
=955  \\$abca29 20190604
=955  \\$abca29 20190528$b20190528

