=LDR  02314cam  2200469 i 4500
=001  001099722
=005  20190604131014.0
=006  m\\\\\o\\d\f\\\\\\
=007  cr\|||||||||||
=008  190528s2019\\\\dcu\\\\\ob\\\f000\0\eng\c
=035  \\$a(OCoLC)1102594199
=040  \\$aGPO$beng$erda$epn$cGPO$dGPO
=042  \\$apcc
=043  \\$an-us---
=050  \4$aKF26$b.E5523 2017b
=074  \\$a1040-C (online)
=086  0\$aY 4.EN 2:S.HRG.115-493
=110  1\$aUnited States.$bCongress.$bSenate.$bCommittee on Energy and Natural Resources.$bSubcommittee on Energy,$eauthor.
=240  10$aPending legislation (2017 December 5)
=245  10$aPending legislation :$bhearing before the Subcommittee on Energy of the Committee on Energy and Natural Resources, United States Senate, One Hundred Fifteenth Congress, first session, on S. 1336, S. 1455, S. 1563, S. 1851, S. 1876, S. 1981, S. 2030, December 5, 2017.
=264  \1$aWashington :$bU.S. Government Publishing Office,$c2019.
=300  \\$a1 online resource (iii, 52 pages).
=336  \\$atext$btxt$2rdacontent
=337  \\$acomputer$bc$2rdamedia
=338  \\$aonline resource$bcr$2rdacarrier
=490  1\$aS. hrg. ;$v115-493
=588  \\$aDescription based on online resource; title from PDF title screen (govinfo web site, viewed on May 28, 2019).
=504  \\$aIncludes bibliographical references.
=650  \0$aLiquefied natural gas$xLaw and legislation$zUnited States.
=650  \0$aRare earth metals$zUnited States.
=650  \0$aEnergy development$xLaw and legislation$zUnited States.
=650  \0$aSeparation (Technology)$xResearch$zUnited States.
=655  \7$aLegislative hearings.$2lcgft
=776  08$iPrint version:$aUnited States. Congress. Senate. Committee on Energy and Natural Resources. Subcommittee on Energy.$sPending legislation (2017 December 5)$w(OCoLC)1102671008
=810  1\$aUnited States.$bCongress.$bSenate.$tS. hrg. ;$v115-493.
=856  40$uhttps://purl.fdlp.gov/GPO/gpo120994
=856  4\$zAddress at time of PURL creation$uhttps://www.govinfo.gov/content/pkg/CHRG-115shrg28094/pdf/CHRG-115shrg28094.pdf
=856  \\$3(online)$uhttps://catalog.gpo.gov/fdlpdir/locate.jsp?ItemNumber=1040-C&SYS=001099722
=994  \\$aC0$bGPO
=049  \\$aGPOO
=955  \\$abca29 20190604
=955  \\$abca29 20190528$b20190528

