=LDR  02280cam  2200493 i 4500
=001  001100104
=005  20190610131813.0
=006  m\\\\\o\\d\f\\\\\\
=007  cr\|||||||||||
=008  190603s2019\\\\dcu\\\\\ob\\\f000\0\eng\c
=035  \\$a(OCoLC)1103314433
=040  \\$aGPO$beng$erda$epn$cGPO$dGPO
=042  \\$apcc
=043  \\$an-us---
=050  \4$aKF26$b.I45 2019b
=074  \\$a1009-D-05 (online)
=086  0\$aY 4.IN 2/11:S.HRG.116-16
=110  1\$aUnited States.$bCongress.$bSenate.$bCommittee on Indian Affairs (1993- ),$eauthor.
=245  10$aBuilding out Indian country :$btools for community development : hearing before the Committee on Indian Affairs, United States Senate, One Hundred Sixteenth Congress, first session, April 10, 2019.
=264  \1$aWashington :$bU.S. Government Publishing Office,$c2019.
=300  \\$a1 online resource (iii, 54 pages).
=336  \\$atext$btxt$2rdacontent
=337  \\$acomputer$bc$2rdamedia
=338  \\$aonline resource$bcr$2rdacarrier
=490  1\$aS. hrg. ;$v116-16
=588  \\$aDescription based on online resource; title from PDF title screen (govinfo web site, viewed on June 3, 2019).
=504  \\$aIncludes bibliographical references.
=650  \0$aIndians of North America$xEconomic conditions.
=650  \0$aCommunity development$zUnited States.
=650  \0$aIndian business enterprises$zUnited States.
=650  \0$aEconomic development projects$zUnited States.
=650  \0$aEnergy development$zUnited States.
=610  20$aCommunity Development Financial Institutions Fund (U.S.)
=650  \0$aFederal aid to Indians$zUnited States.
=655  \7$aLegislative hearings.$2lcgft
=776  08$iPrint version:$aUnited States. Congress. Senate. Committee on Indian Affairs (1993- ).$tBuilding out Indian country$w(OCoLC)1103360769
=810  1\$aUnited States.$bCongress.$bSenate.$tS. hrg. ;$v116-16.
=856  40$uhttps://purl.fdlp.gov/GPO/gpo121290
=856  4\$zAddress at time of PURL creation$uhttps://www.govinfo.gov/content/pkg/CHRG-116shrg36244/pdf/CHRG-116shrg36244.pdf
=856  \\$3(online)$uhttps://catalog.gpo.gov/fdlpdir/locate.jsp?ItemNumber=1009-D-05&SYS=001100104
=994  \\$aC0$bGPO
=049  \\$aGPOO
=955  \\$abca29 20190610
=955  \\$abca29 20190603$b20190603

