=LDR  02032cai  2200469 i 4500
=001  001100363
=005  20190716154557.0
=006  m\\\\\o\\d\f\\\\\\
=007  cr\mn|||||||||
=008  190605c20189999dcu\x\w\o\b\\f0\\\\2eng\c
=010  \\$a2019231223
=035  \\$a(OCoLC)1103670670
=040  \\$aGPO$beng$erda$epn$cGPO$dGPO
=042  \\$apcc
=043  \\$an-us---
=074  \\$a0807-A-07 (online)
=086  0\$aLC 14.23:R 42756/
=100  1\$aYacobucci, Brent D.,$eauthor.
=245  10$aEnergy Policy :$b114th Congress Issues /$cBrent D. Yacobucci.
=250  \\$a[Library of Congress public edition].
=264  \1$a[Washington, D.C.] :$bCongressional Research Service,$c[2018?]-
=300  \\$a1 online resource.
=310  \\$aUpdated irregularly
=336  \\$atext$btxt$2rdacontent
=337  \\$acomputer$bc$2rdamedia
=338  \\$aonline resource$bcr$2rdacarrier
=490  1\$aReport / Congressional Research Service ;$vR42756
=500  \\$aThe CRS report home page provides access to all versions published since 2018 in accordance with P.L. 115-141; earliest version dated 2016.
=504  \\$aReport includes bibliographical references.
=588  \\$aDescription based on contents viewed on June 5, 2019; title from CRS report home page.
=650  \0$aEnergy conservation$xLaw and legislation$zUnited States.
=650  \0$aEnergy development$xLaw and legislation$zUnited States.
=710  2\$aLibrary of Congress.$bCongressional Research Service,$eissuing body.
=773  08$iContained in (work):$tCRS reports (Library of Congress. Congressional Research Service)$w(DLC) 2018231131$w(OCoLC)1052784408
=830  \0$aCRS report ;$vR42756.
=856  40$uhttps://purl.fdlp.gov/GPO/gpo121529
=856  4\$zAddress at time of PURL creation$uhttps://crsreports.congress.gov/product/details?prodcode=R42756
=856  \\$3(online)$uhttps://catalog.gpo.gov/fdlpdir/locate.jsp?ItemNumber=0807-A-07&SYS=001100363
=994  \\$aC0$bGPO
=049  \\$aXZLA
=955  \\$abca68 20190605$b20190605
=922  \\$aCRSREP

