=LDR  02060nai  2200505 i 4500
=001  001101384
=005  20190624153304.0
=006  m\\\\\o\\d\f\\\\\\
=007  cr\mn|||||||||
=008  190624c20189999dcu\x\w\o\b\\f0\\\\2eng\c
=010  \\$a2019253244
=035  \\$a(OCoLC)1105587869
=040  \\$aGPO$beng$erda$epn$cGPO
=042  \\$apcc
=043  \\$an-us---
=074  \\$a0807-A-07 (online)
=086  0\$aLC 14.23:RS 22990/
=100  1\$aFolger, Peter,$eauthor.
=245  10$aGas hydrates :$bresource and hazard /$cPeter Folger.
=250  \\$a[Library of Congress public edition].
=264  \1$a[Washington, D.C.] :$bCongressional Research Service,$c2018-
=300  \\$a1 online resource.
=310  \\$aUpdated irregularly
=336  \\$atext$btxt$2rdacontent
=337  \\$acomputer$bc$2rdamedia
=338  \\$aonline resource$bcr$2rdacarrier
=490  1\$aReport / Congressional Research Service ;$vRS22990
=500  \\$aReport includes illustrations.
=500  \\$aThe CRS report home page provides access to all versions published since 2018 in accordance with P.L. 115-141; earliest version dated 2013.
=504  \\$aReport includes bibliographical references.
=588  \\$aDescription based on contents viewed on June 18, 2019; title from CRS report home page.
=650  \0$aNatural gas$xHydrates.
=650  \0$aEnergy development$zUnited States.
=650  \0$aOcean mining.
=650  \0$aMethane.
=710  2\$aLibrary of Congress.$bCongressional Research Service,$eissuing body.
=773  08$iContained in (work):$tCRS reports (Library of Congress. Congressional Research Service)$w(DLC) 2018231131$w(OCoLC)1052784408
=830  \0$aCRS report ;$vRS22990.
=856  40$uhttps://purl.fdlp.gov/GPO/gpo121933
=856  4\$zAddress at time of PURL creation$uhttps://crsreports.congress.gov/product/details?prodcode=RS22990
=856  \\$3(online)$uhttps://catalog.gpo.gov/fdlpdir/locate.jsp?ItemNumber=0807-A-07&SYS=001101384
=994  \\$aC0$bGPO
=049  \\$aXZLA
=955  \\$abc34 20190624$b20190624
=922  \\$aCRSREP

